@article{inriachime,
    author = {Emmanuel Vincent and Jon Barker and Shinji Watanabe and Jonathan Le Roux and Francesco Nesta},
    title = {The Second {CHiME} Speech Separation and Recognition Challenge: An overview of challenge systems and outcomes},
    series = {ICASSP 2013},
    address = {Stroudsburg, PA, USA},
    url = {https://hal.inria.fr/hal-00862750/document},
    journal = {IEEE International Conference on Acoustics, Speech and Signal Processing, 2013},
}

@article{speechcnn,
    author = {Ossama Abdel-Hamid and Abdel-rahman Mohamed and Hui Jiang and Gerald Penn},
    title = {Applying convolutional neural networks concepts to hybrid NN-HMM model for speech recognition},
    journal = {IEEE International Conference on Acoustics, Speech and Signal Processing 2012},
}

@misc{rnndenoising,
    Author = {Awni Y. Hannun and Andrew L. Maas and Daniel Jurafsky and Andrew Y. Ng},
    Title = {First-Pass Large Vocabulary Continuous Speech Recognition using Bi-Directional Recurrent DNNs},
    Year = {2014},
    Eprint = {arXiv:1408.2873},
}

@article{cnndenoising,
    Author = {Li Xu and Jimmy SJ. Ren and Ce Liu and Jiaya Jia},
    Title = {Deep Convolutional Neural Network for Image Deconvolution},
    series = {NIPS 2014},
    journal = {Advances in Neural Information Processing Systems, 2014},
    url = {http://lxu.me/mypapers/dcnn_nips14.pdf},
    Year = {2014},
}

@online{mfcctutorial,
  author = {Practical Cryptography}
  title = {Mel Frequency Cepstral Coefficient {MFCC} tutorial},
  year = 2012,
  url = {http://www.practicalcryptography.com/miscellaneous/machine-learning/guide-mel-frequency-cepstral-coefficients-mfccs/},
  urldate = {2015-02-16}
}

@online{htk,
    author = {{Cambridge University}},
    title = {HTK Speech Recognition Toolkit},
    url = {http://htk.eng.cam.ac.uk/},
    urldate = {2015-02-16},
}

